
@book{macri_new_2009,
	title = {The {New} {Catalog} of {Maya} {Hieroglyphs}},
	volume = {2},
	isbn = {978-0-8061-4071-1},
	publisher = {University of Oklahoma Press},
	author = {Macri, Martha J. and Vail, Gabrielle},
	year = {2009}
}

@article{hu_multimedia_2015,
	title = {Multimedia {Analysis} and {Access} of {Ancient} {Maya} {Epigraphy}},
	volume = {32},
	url = {http://ieeexplore.ieee.org/xpl/articleDetails.jsp?reload=true&arnumber=7123716},
	doi = {10.1109/MSP.2015.2411291},
	number = {4},
	journal = {Signal processing magazine},
	author = {Hu, Rui and Can, Gulcan and Pallan Gayol, Carlos and Krempel, Guido and Spotak, Jakub and Vail, Gabrielle and Marchand-Maillet, Stephane and Odobez, Jean-Marc and Gatica-Perez, Daniel},
	year = {2015},
	pages = {75--84}
}

@article{bourquenoud_revealing_2015,
	title = {Revealing the mysteries of the {Maya} script},
	url = {http://technews.acm.org/archives.cfm?fo=2015-11-nov/nov-04-2015.html#824033},
	urldate = {2015-11-09},
	journal = {News Mediacom},
	author = {Bourquenoud, Sarah},
	year = {2015}
}