
@article{england_mayan_2003,
	title = {Mayan Language Revival and Revitalization Politics: Linguists and Linguistic Ideologies},
	volume = {105},
	url = {http://onlinelibrary.wiley.com/doi/10.1525/aa.2003.105.4.733/epdf},
	doi = {10.1525/aa.2003.105.4.733},
	pages = {733--43},
	number = {4},
	journaltitle = {American Anthropologist},
	author = {England, Nora},
	date = {2003}
}